{"state":0,"message":"查询成功","pageCount":1,"countNum":0,"Tflag":0,"result":[{"name":"双色球","code":"2018066","detailsLink":"/c/2018-06-10/438376.shtml","videoLink":"/c/2018-06-10/438375.shtml","date":"2018-06-10(日)","week":"日","red":"09,16,17,19,22,26","blue":"10","blue2":"","sales":"357968382","poolmoney":"846907070","content":"浙江1注,江西5注,广东3注,四川1注,共10注。","addmoney":"","addmoney2":"","msg":"","z2add":"","m2add":"","prizegrades":[{"type":1,"typenum":"10","typemoney":"6805079"},{"type":2,"typenum":"195","typemoney":"115710"},{"type":3,"typenum":"1596","typemoney":"3000"},{"type":4,"typenum":"86417","typemoney":"200"},{"type":5,"typenum":"1394666","typemoney":"10"},{"type":6,"typenum":"9826493","typemoney":"5"},{"type":7,"typenum":"","typemoney":""}]},{"name":"双色球","code":"2018065","detailsLink":"/c/2018-06-07/438362.shtml","videoLink":"","date":"2018-06-07(四)","week":"四","red":"01,04,06,14,28,33","blue":"01","blue2":"","sales":"329937636","poolmoney":"847267386","content":"北京1注,内蒙古1注,安徽1注,广东1注,四川2注,共6注。","addmoney":"","addmoney2":"","msg":"","z2add":"","m2add":"","prizegrades":[{"type":1,"typenum":"6","typemoney":"8384489"},{"type":2,"typenum":"123","typemoney":"206371"},{"type":3,"typenum":"1178","typemoney":"3000"},{"type":4,"typenum":"57833","typemoney":"200"},{"type":5,"typenum":"1191247","typemoney":"10"},{"type":6,"typenum":"6624335","typemoney":"5"},{"type":7,"typenum":"","typemoney":""}]},{"name":"双色球","code":"2018064","detailsLink":"/c/2018-06-05/438153.shtml","videoLink":"/c/2018-06-05/438152.shtml","date":"2018-06-05(二)","week":"二","red":"02,05,10,11,17,21","blue":"05","blue2":"","sales":"329557586","poolmoney":"821423304","content":"北京1注,河北1注,辽宁1注,浙江1注,山东1注,湖北1注,广东1注,广西2注,四川1注,甘肃1注,深圳1注,共12注。","addmoney":"","addmoney2":"","msg":"","z2add":"","m2add":"","prizegrades":[{"type":1,"typenum":"12","typemoney":"6202837"},{"type":2,"typenum":"149","typemoney":"121091"},{"type":3,"typenum":"1887","typemoney":"3000"},{"type":4,"typenum":"83875","typemoney":"200"},{"type":5,"typenum":"1365258","typemoney":"10"},{"type":6,"typenum":"10644878","typemoney":"5"},{"type":7,"typenum":"","typemoney":""}]},{"name":"双色球","code":"2018063","detailsLink":"/c/2018-06-03/438043.shtml","videoLink":"/c/2018-06-03/438042.shtml","date":"2018-06-03(日)","week":"日","red":"05,06,10,16,20,25","blue":"12","blue2":"","sales":"358387608","poolmoney":"841729671","content":"河北1注,辽宁1注,上海1注,浙江5注,福建5注,山东2注,河南2注,湖北3注,湖南1注,广东1注,广西1注,四川1注,宁夏2注,深圳1注,共27注。","addmoney":"","addmoney2":"","msg":"","z2add":"","m2add":"","prizegrades":[{"type":1,"typenum":"27","typemoney":"5291294"},{"type":2,"typenum":"315","typemoney":"31210"},{"type":3,"typenum":"4323","typemoney":"3000"},{"type":4,"typenum":"164357","typemoney":"200"},{"type":5,"typenum":"2253080","typemoney":"10"},{"type":6,"typenum":"13582794","typemoney":"5"},{"type":7,"typenum":"","typemoney":""}]},{"name":"双色球","code":"2018062","detailsLink":"/c/2018-05-31/437930.shtml","videoLink":"/c/2018-05-31/437929.shtml","date":"2018-05-31(四)","week":"四","red":"02,18,19,24,25,33","blue":"11","blue2":"","sales":"326938646","poolmoney":"955101072","content":"山东1注,重庆1注,广西1注,四川2注,甘肃1注,共6注。","addmoney":"","addmoney2":"","msg":"","z2add":"","m2add":"","prizegrades":[{"type":1,"typenum":"6","typemoney":"8244701"},{"type":2,"typenum":"109","typemoney":"223259"},{"type":3,"typenum":"915","typemoney":"3000"},{"type":4,"typenum":"55290","typemoney":"200"},{"type":5,"typenum":"1132775","typemoney":"10"},{"type":6,"typenum":"7545627","typemoney":"5"},{"type":7,"typenum":"","typemoney":""}]},{"name":"双色球","code":"2018061","detailsLink":"/c/2018-05-29/437820.shtml","videoLink":"/c/2018-05-29/437819.shtml","date":"2018-05-29(二)","week":"二","red":"09,10,11,12,18,23","blue":"07","blue2":"","sales":"332550974","poolmoney":"931563495","content":"河北1注,山西1注,上海1注,江苏2注,浙江1注,重庆1注,湖北2注,广东4注,四川1注,贵州1注,共15注。","addmoney":"","addmoney2":"","msg":"","z2add":"","m2add":"","prizegrades":[{"type":1,"typenum":"15","typemoney":"5915270"},{"type":2,"typenum":"213","typemoney":"80569"},{"type":3,"typenum":"2086","typemoney":"3000"},{"type":4,"typenum":"109024","typemoney":"200"},{"type":5,"typenum":"1821534","typemoney":"10"},{"type":6,"typenum":"9605304","typemoney":"5"},{"type":7,"typenum":"","typemoney":""}]},{"name":"双色球","code":"2018060","detailsLink":"/c/2018-05-27/437710.shtml","videoLink":"/c/2018-05-27/437709.shtml","date":"2018-05-27(日)","week":"日","red":"04,08,13,25,30,31","blue":"10","blue2":"","sales":"364451892","poolmoney":"968808575","content":"辽宁1注,江苏1注,福建1注,湖北1注,广东1注,共5注。","addmoney":"","addmoney2":"","msg":"","z2add":"","m2add":"","prizegrades":[{"type":1,"typenum":"5","typemoney":"8071749"},{"type":2,"typenum":"111","typemoney":"172958"},{"type":3,"typenum":"1705","typemoney":"3000"},{"type":4,"typenum":"78189","typemoney":"200"},{"type":5,"typenum":"1363584","typemoney":"10"},{"type":6,"typenum":"13479808","typemoney":"5"},{"type":7,"typenum":"","typemoney":""}]},{"name":"双色球","code":"2018059","detailsLink":"/c/2018-05-24/437697.shtml","videoLink":"/c/2018-05-24/437696.shtml","date":"2018-05-24(四)","week":"四","red":"04,06,08,13,22,32","blue":"11","blue2":"","sales":"335528070","poolmoney":"951572015","content":"山西1注,江苏1注,贵州1注,云南1注,甘肃1注,共5注。","addmoney":"","addmoney2":"","msg":"","z2add":"","m2add":"","prizegrades":[{"type":1,"typenum":"5","typemoney":"7926005"},{"type":2,"typenum":"69","typemoney":"265036"},{"type":3,"typenum":"1340","typemoney":"3000"},{"type":4,"typenum":"71899","typemoney":"200"},{"type":5,"typenum":"1341802","typemoney":"10"},{"type":6,"typenum":"11888157","typemoney":"5"},{"type":7,"typenum":"","typemoney":""}]},{"name":"双色球","code":"2018058","detailsLink":"/c/2018-05-22/437487.shtml","videoLink":"/c/2018-05-22/437486.shtml","date":"2018-05-22(二)","week":"二","red":"07,12,13,16,26,31","blue":"07","blue2":"","sales":"328678478","poolmoney":"936339437","content":"辽宁5注,陕西5注,深圳1注,共11注。","addmoney":"","addmoney2":"","msg":"","z2add":"","m2add":"","prizegrades":[{"type":1,"typenum":"11","typemoney":"6534486"},{"type":2,"typenum":"120","typemoney":"175826"},{"type":3,"typenum":"1255","typemoney":"3000"},{"type":4,"typenum":"68289","typemoney":"200"},{"type":5,"typenum":"1169845","typemoney":"10"},{"type":6,"typenum":"9506891","typemoney":"5"},{"type":7,"typenum":"","typemoney":""}]},{"name":"双色球","code":"2018057","detailsLink":"/c/2018-05-20/437477.shtml","videoLink":"/c/2018-05-20/437476.shtml","date":"2018-05-20(日)","week":"日","red":"05,15,17,19,20,30","blue":"13","blue2":"","sales":"360079018","poolmoney":"944921232","content":"河北1注,吉林1注,福建1注,山东1注,重庆1注,广东1注,海南1注,四川1注,宁夏1注,共9注。","addmoney":"","addmoney2":"","msg":"","z2add":"","m2add":"","prizegrades":[{"type":1,"typenum":"9","typemoney":"7219690"},{"type":2,"typenum":"193","typemoney":"129386"},{"type":3,"typenum":"1586","typemoney":"3000"},{"type":4,"typenum":"82648","typemoney":"200"},{"type":5,"typenum":"1554204","typemoney":"10"},{"type":6,"typenum":"7944600","typemoney":"5"},{"type":7,"typenum":"","typemoney":""}]},{"name":"双色球","code":"2018056","detailsLink":"/c/2018-05-17/437364.shtml","videoLink":"/c/2018-05-17/437363.shtml","date":"2018-05-17(四)","week":"四","red":"01,03,06,20,21,26","blue":"01","blue2":"","sales":"332042280","poolmoney":"934983896","content":"上海2注,山东3注,广东1注,四川1注,共7注。","addmoney":"","addmoney2":"","msg":"","z2add":"","m2add":"","prizegrades":[{"type":1,"typenum":"7","typemoney":"7536477"},{"type":2,"typenum":"187","typemoney":"118685"},{"type":3,"typenum":"1366","typemoney":"3000"},{"type":4,"typenum":"73097","typemoney":"200"},{"type":5,"typenum":"1289567","typemoney":"10"},{"type":6,"typenum":"8462190","typemoney":"5"},{"type":7,"typenum":"","typemoney":""}]},{"name":"双色球","code":"2018055","detailsLink":"/c/2018-05-15/437254.shtml","videoLink":"/c/2018-05-15/437253.shtml","date":"2018-05-15(二)","week":"二","red":"07,09,10,12,22,26","blue":"07","blue2":"","sales":"328077816","poolmoney":"921156717","content":"河北1注,江苏2注,浙江1注,山东3注,广西1注,新疆1注,深圳30注,共39注。","addmoney":"","addmoney2":"","msg":"","z2add":"","m2add":"","prizegrades":[{"type":1,"typenum":"39","typemoney":"5382270"},{"type":2,"typenum":"131","typemoney":"142257"},{"type":3,"typenum":"1949","typemoney":"3000"},{"type":4,"typenum":"83242","typemoney":"200"},{"type":5,"typenum":"1443369","typemoney":"10"},{"type":6,"typenum":"9857273","typemoney":"5"},{"type":7,"typenum":"","typemoney":""}]},{"name":"双色球","code":"2018054","detailsLink":"/c/2018-05-13/437144.shtml","videoLink":"/c/2018-05-13/437143.shtml","date":"2018-05-13(日)","week":"日","red":"04,06,18,22,25,33","blue":"16","blue2":"","sales":"364343470","poolmoney":"1075158284","content":"河北1注,江苏1注,湖北1注,新疆1注,共4注。","addmoney":"","addmoney2":"","msg":"","z2add":"","m2add":"","prizegrades":[{"type":1,"typenum":"4","typemoney":"10000000"},{"type":2,"typenum":"86","typemoney":"305357"},{"type":3,"typenum":"970","typemoney":"3000"},{"type":4,"typenum":"55282","typemoney":"200"},{"type":5,"typenum":"1101728","typemoney":"10"},{"type":6,"typenum":"9700312","typemoney":"5"},{"type":7,"typenum":"","typemoney":""}]},{"name":"双色球","code":"2018053","detailsLink":"/c/2018-05-10/437031.shtml","videoLink":"/c/2018-05-10/437030.shtml","date":"2018-05-10(四)","week":"四","red":"01,04,10,11,14,27","blue":"06","blue2":"","sales":"336743448","poolmoney":"1036375992","content":"辽宁1注,黑龙江2注,浙江1注,河南1注,广东1注,四川1注,贵州1注,共8注。","addmoney":"","addmoney2":"","msg":"","z2add":"","m2add":"","prizegrades":[{"type":1,"typenum":"8","typemoney":"7086603"},{"type":2,"typenum":"104","typemoney":"200634"},{"type":3,"typenum":"1253","typemoney":"3000"},{"type":4,"typenum":"68313","typemoney":"200"},{"type":5,"typenum":"1245525","typemoney":"10"},{"type":6,"typenum":"10332662","typemoney":"5"},{"type":7,"typenum":"","typemoney":""}]},{"name":"双色球","code":"2018052","detailsLink":"/c/2018-05-08/437021.shtml","videoLink":"/c/2018-05-08/437020.shtml","date":"2018-05-08(二)","week":"二","red":"03,05,06,09,15,32","blue":"14","blue2":"","sales":"335132016","poolmoney":"1030470724","content":"河北1注,山西1注,辽宁1注,山东1注,共4注。","addmoney":"","addmoney2":"","msg":"","z2add":"","m2add":"","prizegrades":[{"type":1,"typenum":"4","typemoney":"9373437"},{"type":2,"typenum":"104","typemoney":"210261"},{"type":3,"typenum":"1307","typemoney":"3000"},{"type":4,"typenum":"75100","typemoney":"200"},{"type":5,"typenum":"1449941","typemoney":"10"},{"type":6,"typenum":"8661105","typemoney":"5"},{"type":7,"typenum":"","typemoney":""}]},{"name":"双色球","code":"2018051","detailsLink":"/c/2018-05-06/436911.shtml","videoLink":"/c/2018-05-06/436910.shtml","date":"2018-05-06(日)","week":"日","red":"05,07,20,23,27,31","blue":"04","blue2":"","sales":"362286900","poolmoney":"1002362910","content":"江苏1注,山东1注,广东1注,甘肃1注,宁夏1注,共5注。","addmoney":"","addmoney2":"","msg":"","z2add":"","m2add":"","prizegrades":[{"type":1,"typenum":"5","typemoney":"9213527"},{"type":2,"typenum":"146","typemoney":"180373"},{"type":3,"typenum":"1160","typemoney":"3000"},{"type":4,"typenum":"66201","typemoney":"200"},{"type":5,"typenum":"1340034","typemoney":"10"},{"type":6,"typenum":"8412369","typemoney":"5"},{"type":7,"typenum":"","typemoney":""}]},{"name":"双色球","code":"2018050","detailsLink":"/c/2018-05-03/436798.shtml","videoLink":"/c/2018-05-03/436797.shtml","date":"2018-05-03(四)","week":"四","red":"01,02,04,10,18,19","blue":"07","blue2":"","sales":"332612986","poolmoney":"969426906","content":"吉林1注,黑龙江1注,浙江2注,重庆1注,云南1注,新疆1注,共7注。","addmoney":"","addmoney2":"","msg":"","z2add":"","m2add":"","prizegrades":[{"type":1,"typenum":"7","typemoney":"7360984"},{"type":2,"typenum":"146","typemoney":"141497"},{"type":3,"typenum":"1637","typemoney":"3000"},{"type":4,"typenum":"79189","typemoney":"200"},{"type":5,"typenum":"1377247","typemoney":"10"},{"type":6,"typenum":"9164927","typemoney":"5"},{"type":7,"typenum":"","typemoney":""}]},{"name":"双色球","code":"2018049","detailsLink":"/c/2018-05-01/436688.shtml","videoLink":"/c/2018-05-01/436687.shtml","date":"2018-05-01(二)","week":"二","red":"01,03,04,11,19,23","blue":"02","blue2":"","sales":"308606382","poolmoney":"958977957","content":"浙江6注,山东1注,共7注。","addmoney":"","addmoney2":"","msg":"","z2add":"","m2add":"","prizegrades":[{"type":1,"typenum":"7","typemoney":"7858532"},{"type":2,"typenum":"88","typemoney":"284229"},{"type":3,"typenum":"826","typemoney":"3000"},{"type":4,"typenum":"49737","typemoney":"200"},{"type":5,"typenum":"1039723","typemoney":"10"},{"type":6,"typenum":"5669175","typemoney":"5"},{"type":7,"typenum":"","typemoney":""}]},{"name":"双色球","code":"2018048","detailsLink":"/c/2018-04-29/436678.shtml","videoLink":"/c/2018-04-29/436677.shtml","date":"2018-04-29(日)","week":"日","red":"01,12,20,25,30,31","blue":"02","blue2":"","sales":"347082070","poolmoney":"938951220","content":"天津1注,浙江1注,广西1注,四川1注,共4注。","addmoney":"","addmoney2":"","msg":"","z2add":"","m2add":"","prizegrades":[{"type":1,"typenum":"4","typemoney":"9801124"},{"type":2,"typenum":"76","typemoney":"315863"},{"type":3,"typenum":"1175","typemoney":"3000"},{"type":4,"typenum":"54460","typemoney":"200"},{"type":5,"typenum":"1036941","typemoney":"10"},{"type":6,"typenum":"9852264","typemoney":"5"},{"type":7,"typenum":"","typemoney":""}]},{"name":"双色球","code":"2018047","detailsLink":"/c/2018-04-26/436565.shtml","videoLink":"/c/2018-04-26/436564.shtml","date":"2018-04-26(四)","week":"四","red":"06,07,12,16,22,25","blue":"07","blue2":"","sales":"340211348","poolmoney":"906138855","content":"上海2注,浙江1注,福建1注,江西1注,山东2注,湖北1注,湖南1注,共9注。","addmoney":"","addmoney2":"","msg":"","z2add":"","m2add":"","prizegrades":[{"type":1,"typenum":"9","typemoney":"6936514"},{"type":2,"typenum":"102","typemoney":"213586"},{"type":3,"typenum":"1430","typemoney":"3000"},{"type":4,"typenum":"74410","typemoney":"200"},{"type":5,"typenum":"1361230","typemoney":"10"},{"type":6,"typenum":"9355226","typemoney":"5"},{"type":7,"typenum":"","typemoney":""}]},{"name":"双色球","code":"2018046","detailsLink":"/c/2018-04-24/433555.shtml","videoLink":"/c/2018-04-24/433554.shtml","date":"2018-04-24(二)","week":"二","red":"10,13,14,18,20,31","blue":"03","blue2":"","sales":"341414200","poolmoney":"903210136","content":"辽宁1注,安徽1注,共2注。","addmoney":"","addmoney2":"","msg":"","z2add":"","m2add":"","prizegrades":[{"type":1,"typenum":"2","typemoney":"10000000"},{"type":2,"typenum":"100","typemoney":"256483"},{"type":3,"typenum":"997","typemoney":"3000"},{"type":4,"typenum":"56067","typemoney":"200"},{"type":5,"typenum":"1140599","typemoney":"10"},{"type":6,"typenum":"7817824","typemoney":"5"},{"type":7,"typenum":"","typemoney":""}]},{"name":"双色球","code":"2018045","detailsLink":"/c/2018-04-22/433245.shtml","videoLink":"/c/2018-04-22/433244.shtml","date":"2018-04-22(日)","week":"日","red":"03,04,06,25,26,30","blue":"01","blue2":"","sales":"381384846","poolmoney":"846265053","content":"山东1注,广西1注,甘肃1注,共3注。","addmoney":"","addmoney2":"","msg":"","z2add":"","m2add":"","prizegrades":[{"type":1,"typenum":"3","typemoney":"6904812"},{"type":2,"typenum":"82","typemoney":"87110"},{"type":3,"typenum":"2641","typemoney":"3000"},{"type":4,"typenum":"128837","typemoney":"200"},{"type":5,"typenum":"2063191","typemoney":"10"},{"type":6,"typenum":"20796816","typemoney":"5"},{"type":7,"typenum":"","typemoney":""}]},{"name":"双色球","code":"2018044","detailsLink":"/c/2018-04-19/432932.shtml","videoLink":"/c/2018-04-19/432931.shtml","date":"2018-04-19(四)","week":"四","red":"05,09,12,17,27,30","blue":"06","blue2":"","sales":"351490126","poolmoney":"845550354","content":"北京1注,天津1注,内蒙古1注,黑龙江1注,江苏1注,浙江1注,江西1注,山东4注,湖北1注,湖南2注,广东2注,广西3注,四川1注,甘肃1注,新疆1注,共22注。","addmoney":"","addmoney2":"","msg":"","z2add":"","m2add":"","prizegrades":[{"type":1,"typenum":"22","typemoney":"5550276"},{"type":2,"typenum":"643","typemoney":"23534"},{"type":3,"typenum":"3367","typemoney":"3000"},{"type":4,"typenum":"140832","typemoney":"200"},{"type":5,"typenum":"2082241","typemoney":"10"},{"type":6,"typenum":"10521984","typemoney":"5"},{"type":7,"typenum":"","typemoney":""}]},{"name":"双色球","code":"2018043","detailsLink":"/c/2018-04-17/432722.shtml","videoLink":"/c/2018-04-17/432721.shtml","date":"2018-04-17(二)","week":"二","red":"01,04,06,08,21,24","blue":"07","blue2":"","sales":"350595736","poolmoney":"922258638","content":"河北1注,内蒙古2注,浙江1注,湖北1注,广东1注,共6注。","addmoney":"","addmoney2":"","msg":"","z2add":"","m2add":"","prizegrades":[{"type":1,"typenum":"6","typemoney":"7386066"},{"type":2,"typenum":"93","typemoney":"192424"},{"type":3,"typenum":"1309","typemoney":"3000"},{"type":4,"typenum":"60322","typemoney":"200"},{"type":5,"typenum":"1178695","typemoney":"10"},{"type":6,"typenum":"14486315","typemoney":"5"},{"type":7,"typenum":"","typemoney":""}]},{"name":"双色球","code":"2018042","detailsLink":"/c/2018-04-15/432612.shtml","videoLink":"/c/2018-04-15/432611.shtml","date":"2018-04-15(日)","week":"日","red":"06,10,21,28,29,31","blue":"12","blue2":"","sales":"373384922","poolmoney":"912888550","content":"黑龙江1注,山东3注,重庆1注,河南1注,湖北5注,广东1注,广西2注,共14注。","addmoney":"","addmoney2":"","msg":"","z2add":"","m2add":"","prizegrades":[{"type":1,"typenum":"14","typemoney":"6113405"},{"type":2,"typenum":"163","typemoney":"119537"},{"type":3,"typenum":"2160","typemoney":"3000"},{"type":4,"typenum":"100821","typemoney":"200"},{"type":5,"typenum":"1688982","typemoney":"10"},{"type":6,"typenum":"12297237","typemoney":"5"},{"type":7,"typenum":"","typemoney":""}]},{"name":"双色球","code":"2018041","detailsLink":"/c/2018-04-12/432599.shtml","videoLink":"/c/2018-04-12/432598.shtml","date":"2018-04-12(四)","week":"四","red":"07,08,20,23,24,32","blue":"13","blue2":"","sales":"342614774","poolmoney":"940022436","content":"河北1注,江苏1注,浙江1注,四川1注,共4注。","addmoney":"","addmoney2":"","msg":"","z2add":"","m2add":"","prizegrades":[{"type":1,"typenum":"4","typemoney":"9960334"},{"type":2,"typenum":"64","typemoney":"387526"},{"type":3,"typenum":"792","typemoney":"3000"},{"type":4,"typenum":"49117","typemoney":"200"},{"type":5,"typenum":"1003581","typemoney":"10"},{"type":6,"typenum":"9287866","typemoney":"5"},{"type":7,"typenum":"","typemoney":""}]},{"name":"双色球","code":"2018040","detailsLink":"/c/2018-04-10/432489.shtml","videoLink":"/c/2018-04-10/432488.shtml","date":"2018-04-10(二)","week":"二","red":"01,03,08,13,18,23","blue":"16","blue2":"","sales":"341719534","poolmoney":"905458752","content":"河北1注,山西1注,辽宁1注,上海1注,江苏1注,河南1注,广东2注,云南1注,西藏1注,深圳1注,共11注。","addmoney":"","addmoney2":"","msg":"","z2add":"","m2add":"","prizegrades":[{"type":1,"typenum":"11","typemoney":"6625737"},{"type":2,"typenum":"283","typemoney":"78989"},{"type":3,"typenum":"1676","typemoney":"3000"},{"type":4,"typenum":"79774","typemoney":"200"},{"type":5,"typenum":"1296903","typemoney":"10"},{"type":6,"typenum":"8815038","typemoney":"5"},{"type":7,"typenum":"","typemoney":""}]},{"name":"双色球","code":"2018039","detailsLink":"/c/2018-04-08/432379.shtml","videoLink":"/c/2018-04-08/432378.shtml","date":"2018-04-08(日)","week":"日","red":"08,12,18,19,23,32","blue":"03","blue2":"","sales":"368394896","poolmoney":"911280204","content":"江西1注,山东2注,河南1注,湖南1注,广东1注,共6注。","addmoney":"","addmoney2":"","msg":"","z2add":"","m2add":"","prizegrades":[{"type":1,"typenum":"6","typemoney":"8202095"},{"type":2,"typenum":"168","typemoney":"142950"},{"type":3,"typenum":"1616","typemoney":"3000"},{"type":4,"typenum":"85718","typemoney":"200"},{"type":5,"typenum":"1526784","typemoney":"10"},{"type":6,"typenum":"9438240","typemoney":"5"},{"type":7,"typenum":"","typemoney":""}]},{"name":"双色球","code":"2018038","detailsLink":"/c/2018-04-05/432366.shtml","videoLink":"/c/2018-04-05/432365.shtml","date":"2018-04-05(四)","week":"四","red":"15,23,24,25,28,29","blue":"09","blue2":"","sales":"303245456","poolmoney":"888445635","content":"江苏1注,浙江1注,广西1注,新疆1注,深圳1注,共5注。","addmoney":"","addmoney2":"","msg":"","z2add":"","m2add":"","prizegrades":[{"type":1,"typenum":"5","typemoney":"7607731"},{"type":2,"typenum":"75","typemoney":"217310"},{"type":3,"typenum":"1074","typemoney":"3000"},{"type":4,"typenum":"62936","typemoney":"200"},{"type":5,"typenum":"1183137","typemoney":"10"},{"type":6,"typenum":"11151282","typemoney":"5"},{"type":7,"typenum":"","typemoney":""}]},{"name":"双色球","code":"2018037","detailsLink":"/c/2018-04-03/432256.shtml","videoLink":"/c/2018-04-03/432255.shtml","date":"2018-04-03(二)","week":"二","red":"01,06,07,08,27,30","blue":"10","blue2":"","sales":"336334062","poolmoney":"877589328","content":"河北2注,辽宁2注,吉林2注,山东2注,云南1注,陕西3注,共12注。","addmoney":"","addmoney2":"","msg":"","z2add":"","m2add":"","prizegrades":[{"type":1,"typenum":"12","typemoney":"6218823"},{"type":2,"typenum":"137","typemoney":"133447"},{"type":3,"typenum":"1564","typemoney":"3000"},{"type":4,"typenum":"80258","typemoney":"200"},{"type":5,"typenum":"1399994","typemoney":"10"},{"type":6,"typenum":"11386145","typemoney":"5"},{"type":7,"typenum":"","typemoney":""}]},{"name":"双色球","code":"2018036","detailsLink":"/c/2018-04-01/432146.shtml","videoLink":"/c/2018-04-01/432145.shtml","date":"2018-04-01(日)","week":"日","red":"08,17,24,26,28,33","blue":"04","blue2":"","sales":"375931002","poolmoney":"897368156","content":"江苏1注,陕西1注,深圳2注,共4注。","addmoney":"","addmoney2":"","msg":"","z2add":"","m2add":"","prizegrades":[{"type":1,"typenum":"4","typemoney":"10000000"},{"type":2,"typenum":"117","typemoney":"231790"},{"type":3,"typenum":"1164","typemoney":"3000"},{"type":4,"typenum":"65905","typemoney":"200"},{"type":5,"typenum":"1331597","typemoney":"10"},{"type":6,"typenum":"9147831","typemoney":"5"},{"type":7,"typenum":"","typemoney":""}]},{"name":"双色球","code":"2018035","detailsLink":"/c/2018-03-29/432132.shtml","videoLink":"/c/2018-03-29/432131.shtml","date":"2018-03-29(四)","week":"四","red":"07,10,11,17,23,28","blue":"15","blue2":"","sales":"350309396","poolmoney":"856009608","content":"浙江1注,湖南1注,广东1注,广西1注,四川1注,深圳1注,共6注。","addmoney":"","addmoney2":"","msg":"","z2add":"","m2add":"","prizegrades":[{"type":1,"typenum":"6","typemoney":"8809507"},{"type":2,"typenum":"289","typemoney":"98862"},{"type":3,"typenum":"960","typemoney":"3000"},{"type":4,"typenum":"61476","typemoney":"200"},{"type":5,"typenum":"1266529","typemoney":"10"},{"type":6,"typenum":"5905178","typemoney":"5"},{"type":7,"typenum":"","typemoney":""}]},{"name":"双色球","code":"2018034","detailsLink":"/c/2018-03-27/432022.shtml","videoLink":"/c/2018-03-27/432021.shtml","date":"2018-03-27(二)","week":"二","red":"01,05,11,22,23,26","blue":"15","blue2":"","sales":"348544506","poolmoney":"823152736","content":"辽宁1注,吉林1注,安徽2注,山东1注,河南2注,广东1注,共8注。","addmoney":"","addmoney2":"","msg":"","z2add":"","m2add":"","prizegrades":[{"type":1,"typenum":"8","typemoney":"7560160"},{"type":2,"typenum":"122","typemoney":"209849"},{"type":3,"typenum":"972","typemoney":"3000"},{"type":4,"typenum":"63265","typemoney":"200"},{"type":5,"typenum":"1241750","typemoney":"10"},{"type":6,"typenum":"8078774","typemoney":"5"},{"type":7,"typenum":"","typemoney":""}]},{"name":"双色球","code":"2018033","detailsLink":"/c/2018-03-25/432012.shtml","videoLink":"/c/2018-03-25/432011.shtml","date":"2018-03-25(日)","week":"日","red":"04,19,20,22,28,33","blue":"06","blue2":"","sales":"376360408","poolmoney":"806829198","content":"上海1注,安徽1注,江西1注,共3注。","addmoney":"","addmoney2":"","msg":"","z2add":"","m2add":"","prizegrades":[{"type":1,"typenum":"3","typemoney":"10000000"},{"type":2,"typenum":"88","typemoney":"289516"},{"type":3,"typenum":"1047","typemoney":"3000"},{"type":4,"typenum":"61280","typemoney":"200"},{"type":5,"typenum":"1205558","typemoney":"10"},{"type":6,"typenum":"11010817","typemoney":"5"},{"type":7,"typenum":"","typemoney":""}]},{"name":"双色球","code":"2018032","detailsLink":"/c/2018-03-22/431899.shtml","videoLink":"/c/2018-03-22/431898.shtml","date":"2018-03-22(四)","week":"四","red":"21,22,23,24,25,32","blue":"06","blue2":"","sales":"351194914","poolmoney":"760396749","content":"天津1注,福建1注,广西1注,共3注。","addmoney":"","addmoney2":"","msg":"","z2add":"","m2add":"","prizegrades":[{"type":1,"typenum":"3","typemoney":"10000000"},{"type":2,"typenum":"127","typemoney":"179511"},{"type":3,"typenum":"1392","typemoney":"3000"},{"type":4,"typenum":"56340","typemoney":"200"},{"type":5,"typenum":"1013760","typemoney":"10"},{"type":6,"typenum":"11062382","typemoney":"5"},{"type":7,"typenum":"","typemoney":""}]},{"name":"双色球","code":"2018031","detailsLink":"/c/2018-03-20/431789.shtml","videoLink":"/c/2018-03-20/431788.shtml","date":"2018-03-20(二)","week":"二","red":"02,16,18,19,27,30","blue":"14","blue2":"","sales":"345048756","poolmoney":"722002755","content":"内蒙古1注,江苏1注,福建1注,共3注。","addmoney":"","addmoney2":"","msg":"","z2add":"","m2add":"","prizegrades":[{"type":1,"typenum":"3","typemoney":"10000000"},{"type":2,"typenum":"116","typemoney":"224837"},{"type":3,"typenum":"1092","typemoney":"3000"},{"type":4,"typenum":"59834","typemoney":"200"},{"type":5,"typenum":"1201239","typemoney":"10"},{"type":6,"typenum":"7498833","typemoney":"5"},{"type":7,"typenum":"","typemoney":""}]},{"name":"双色球","code":"2018030","detailsLink":"/c/2018-03-18/431679.shtml","videoLink":"/c/2018-03-18/431678.shtml","date":"2018-03-18(日)","week":"日","red":"13,14,20,21,25,33","blue":"07","blue2":"","sales":"388492136","poolmoney":"673759355","content":"江苏1注,共1注。","addmoney":"","addmoney2":"","msg":"","z2add":"","m2add":"","prizegrades":[{"type":1,"typenum":"1","typemoney":"10000000"},{"type":2,"typenum":"98","typemoney":"260810"},{"type":3,"typenum":"1097","typemoney":"3000"},{"type":4,"typenum":"60282","typemoney":"200"},{"type":5,"typenum":"1184057","typemoney":"10"},{"type":6,"typenum":"12187127","typemoney":"5"},{"type":7,"typenum":"","typemoney":""}]},{"name":"双色球","code":"2018029","detailsLink":"/c/2018-03-15/431666.shtml","videoLink":"/c/2018-03-15/431665.shtml","date":"2018-03-15(四)","week":"四","red":"01,02,09,14,22,25","blue":"05","blue2":"","sales":"349939456","poolmoney":"607081200","content":"山西1注,辽宁2注,浙江1注,河南1注,共5注。","addmoney":"","addmoney2":"","msg":"","z2add":"","m2add":"","prizegrades":[{"type":1,"typenum":"5","typemoney":"8926329"},{"type":2,"typenum":"85","typemoney":"288700"},{"type":3,"typenum":"941","typemoney":"3000"},{"type":4,"typenum":"50833","typemoney":"200"},{"type":5,"typenum":"1050933","typemoney":"10"},{"type":6,"typenum":"9962632","typemoney":"5"},{"type":7,"typenum":"","typemoney":""}]},{"name":"双色球","code":"2018028","detailsLink":"/c/2018-03-13/431556.shtml","videoLink":"/c/2018-03-13/431555.shtml","date":"2018-03-13(二)","week":"二","red":"03,08,11,14,18,23","blue":"16","blue2":"","sales":"352015830","poolmoney":"578094167","content":"天津1注,内蒙古1注,上海1注,浙江1注,山东1注,河南1注,广东1注,共7注。","addmoney":"","addmoney2":"","msg":"","z2add":"","m2add":"","prizegrades":[{"type":1,"typenum":"7","typemoney":"7676997"},{"type":2,"typenum":"220","typemoney":"106471"},{"type":3,"typenum":"1869","typemoney":"3000"},{"type":4,"typenum":"82708","typemoney":"200"},{"type":5,"typenum":"1493643","typemoney":"10"},{"type":6,"typenum":"8341565","typemoney":"5"},{"type":7,"typenum":"","typemoney":""}]},{"name":"双色球","code":"2018027","detailsLink":"/c/2018-03-11/431446.shtml","videoLink":"/c/2018-03-11/431445.shtml","date":"2018-03-11(日)","week":"日","red":"02,07,09,14,18,28","blue":"05","blue2":"","sales":"386579026","poolmoney":"561561972","content":"江苏1注,福建1注,山东2注,湖北2注,共6注。","addmoney":"","addmoney2":"","msg":"","z2add":"","m2add":"","prizegrades":[{"type":1,"typenum":"6","typemoney":"8250400"},{"type":2,"typenum":"144","typemoney":"169291"},{"type":3,"typenum":"1652","typemoney":"3000"},{"type":4,"typenum":"87914","typemoney":"200"},{"type":5,"typenum":"1565274","typemoney":"10"},{"type":6,"typenum":"10744036","typemoney":"5"},{"type":7,"typenum":"","typemoney":""}]},{"name":"双色球","code":"2018026","detailsLink":"/c/2018-03-08/431333.shtml","videoLink":"/c/2018-03-08/431332.shtml","date":"2018-03-08(四)","week":"四","red":"04,07,12,14,26,32","blue":"04","blue2":"","sales":"341958742","poolmoney":"537930372","content":"江苏1注,江西1注,山东1注,湖南1注,广西2注,共6注。","addmoney":"","addmoney2":"","msg":"","z2add":"","m2add":"","prizegrades":[{"type":1,"typenum":"6","typemoney":"8313468"},{"type":2,"typenum":"75","typemoney":"331346"},{"type":3,"typenum":"1092","typemoney":"3000"},{"type":4,"typenum":"59713","typemoney":"200"},{"type":5,"typenum":"1094967","typemoney":"10"},{"type":6,"typenum":"8397492","typemoney":"5"},{"type":7,"typenum":"","typemoney":""}]},{"name":"双色球","code":"2018025","detailsLink":"/c/2018-03-06/431323.shtml","videoLink":"/c/2018-03-06/431322.shtml","date":"2018-03-06(二)","week":"二","red":"04,13,16,19,21,25","blue":"14","blue2":"","sales":"341614936","poolmoney":"513258146","content":"广西1注,共1注。","addmoney":"","addmoney2":"","msg":"","z2add":"","m2add":"","prizegrades":[{"type":1,"typenum":"1","typemoney":"10000000"},{"type":2,"typenum":"83","typemoney":"350024"},{"type":3,"typenum":"700","typemoney":"3000"},{"type":4,"typenum":"40970","typemoney":"200"},{"type":5,"typenum":"881488","typemoney":"10"},{"type":6,"typenum":"6414861","typemoney":"5"},{"type":7,"typenum":"","typemoney":""}]},{"name":"双色球","code":"2018024","detailsLink":"/c/2018-03-04/431213.shtml","videoLink":"/c/2018-03-04/431212.shtml","date":"2018-03-04(日)","week":"日","red":"11,19,22,26,31,32","blue":"02","blue2":"","sales":"373443496","poolmoney":"436102047","content":"黑龙江1注,江西1注,河南1注,湖南1注,广东4注,云南1注,共9注。","addmoney":"","addmoney2":"","msg":"","z2add":"","m2add":"","prizegrades":[{"type":1,"typenum":"9","typemoney":"7481039"},{"type":2,"typenum":"81","typemoney":"344588"},{"type":3,"typenum":"924","typemoney":"3000"},{"type":4,"typenum":"55421","typemoney":"200"},{"type":5,"typenum":"1127359","typemoney":"10"},{"type":6,"typenum":"9242152","typemoney":"5"},{"type":7,"typenum":"","typemoney":""}]},{"name":"双色球","code":"2018023","detailsLink":"/c/2018-03-01/431200.shtml","videoLink":"/c/2018-03-01/431199.shtml","date":"2018-03-01(四)","week":"四","red":"12,15,16,21,26,29","blue":"16","blue2":"","sales":"339395846","poolmoney":"419696331","content":"北京1注,天津1注,江苏1注,共3注。","addmoney":"","addmoney2":"","msg":"","z2add":"","m2add":"","prizegrades":[{"type":1,"typenum":"3","typemoney":"10000000"},{"type":2,"typenum":"159","typemoney":"164899"},{"type":3,"typenum":"906","typemoney":"3000"},{"type":4,"typenum":"56937","typemoney":"200"},{"type":5,"typenum":"1150655","typemoney":"10"},{"type":6,"typenum":"7163214","typemoney":"5"},{"type":7,"typenum":"","typemoney":""}]},{"name":"双色球","code":"2018022","detailsLink":"/c/2018-02-27/431090.shtml","videoLink":"/c/2018-02-27/431089.shtml","date":"2018-02-27(二)","week":"二","red":"07,14,19,21,22,23","blue":"03","blue2":"","sales":"333617132","poolmoney":"371039376","content":"辽宁1注,黑龙江1注,山东1注,湖南1注,云南1注,陕西1注,共6注。","addmoney":"","addmoney2":"","msg":"","z2add":"","m2add":"","prizegrades":[{"type":1,"typenum":"6","typemoney":"8201615"},{"type":2,"typenum":"111","typemoney":"216325"},{"type":3,"typenum":"988","typemoney":"3000"},{"type":4,"typenum":"56391","typemoney":"200"},{"type":5,"typenum":"1137669","typemoney":"10"},{"type":6,"typenum":"8361005","typemoney":"5"},{"type":7,"typenum":"","typemoney":""}]},{"name":"双色球","code":"2018021","detailsLink":"/c/2018-02-25/430980.shtml","videoLink":"/c/2018-02-25/430979.shtml","date":"2018-02-25(日)","week":"日","red":"03,04,06,11,23,28","blue":"14","blue2":"","sales":"364661036","poolmoney":"348212718","content":"辽宁1注,江苏1注,陕西1注,共3注。","addmoney":"","addmoney2":"","msg":"","z2add":"","m2add":"","prizegrades":[{"type":1,"typenum":"3","typemoney":"10000000"},{"type":2,"typenum":"216","typemoney":"116432"},{"type":3,"typenum":"1175","typemoney":"3000"},{"type":4,"typenum":"67620","typemoney":"200"},{"type":5,"typenum":"1321924","typemoney":"10"},{"type":6,"typenum":"9563662","typemoney":"5"},{"type":7,"typenum":"","typemoney":""}]},{"name":"双色球","code":"2018020","detailsLink":"/c/2018-02-22/430967.shtml","videoLink":"/c/2018-02-22/430966.shtml","date":"2018-02-22(四)","week":"四","red":"06,09,10,14,28,30","blue":"05","blue2":"","sales":"322991340","poolmoney":"302764704","content":"北京20注,河北1注,山西1注,福建2注,江西1注,山东2注,四川2注,陕西1注,宁夏2注,新疆1注,共33注。","addmoney":"","addmoney2":"","msg":"","z2add":"","m2add":"","prizegrades":[{"type":1,"typenum":"33","typemoney":"5489962"},{"type":2,"typenum":"212","typemoney":"95334"},{"type":3,"typenum":"1594","typemoney":"3000"},{"type":4,"typenum":"77343","typemoney":"200"},{"type":5,"typenum":"1394295","typemoney":"10"},{"type":6,"typenum":"8645684","typemoney":"5"},{"type":7,"typenum":"","typemoney":""}]},{"name":"双色球","code":"2018019","detailsLink":"/c/2018-02-13/430857.shtml","videoLink":"/c/2018-02-13/430856.shtml","date":"2018-02-13(二)","week":"二","red":"03,11,12,16,21,23","blue":"09","blue2":"","sales":"353382992","poolmoney":"423300648","content":"北京2注,河北1注,黑龙江1注,江苏1注,浙江1注,山东1注,广西1注,共8注。","addmoney":"","addmoney2":"","msg":"","z2add":"","m2add":"","prizegrades":[{"type":1,"typenum":"8","typemoney":"6663708"},{"type":2,"typenum":"80","typemoney":"207963"},{"type":3,"typenum":"1677","typemoney":"3000"},{"type":4,"typenum":"75265","typemoney":"200"},{"type":5,"typenum":"1303129","typemoney":"10"},{"type":6,"typenum":"14698811","typemoney":"5"},{"type":7,"typenum":"","typemoney":""}]},{"name":"双色球","code":"2018018","detailsLink":"/c/2018-02-11/430747.shtml","videoLink":"/c/2018-02-11/430746.shtml","date":"2018-02-11(日)","week":"日","red":"02,12,13,18,25,27","blue":"07","blue2":"","sales":"364855490","poolmoney":"426699072","content":"辽宁1注,黑龙江1注,江苏1注,浙江1注,江西2注,湖北2注,湖南2注,广东1注,四川1注,共12注。","addmoney":"","addmoney2":"","msg":"","z2add":"","m2add":"","prizegrades":[{"type":1,"typenum":"12","typemoney":"6383135"},{"type":2,"typenum":"214","typemoney":"96948"},{"type":3,"typenum":"2261","typemoney":"3000"},{"type":4,"typenum":"100526","typemoney":"200"},{"type":5,"typenum":"1635361","typemoney":"10"},{"type":6,"typenum":"10509848","typemoney":"5"},{"type":7,"typenum":"","typemoney":""}]},{"name":"双色球","code":"2018017","detailsLink":"/c/2018-02-08/430734.shtml","videoLink":"/c/2018-02-08/430733.shtml","date":"2018-02-08(四)","week":"四","red":"03,06,11,26,30,32","blue":"12","blue2":"","sales":"341808336","poolmoney":"441055600","content":"内蒙古1注,浙江1注,福建1注,广东1注,广西1注,共5注。","addmoney":"","addmoney2":"","msg":"","z2add":"","m2add":"","prizegrades":[{"type":1,"typenum":"5","typemoney":"8695830"},{"type":2,"typenum":"68","typemoney":"339690"},{"type":3,"typenum":"1084","typemoney":"3000"},{"type":4,"typenum":"55799","typemoney":"200"},{"type":5,"typenum":"1111406","typemoney":"10"},{"type":6,"typenum":"9912890","typemoney":"5"},{"type":7,"typenum":"","typemoney":""}]},{"name":"双色球","code":"2018016","detailsLink":"/c/2018-02-06/430624.shtml","videoLink":"/c/2018-02-06/430623.shtml","date":"2018-02-06(二)","week":"二","red":"01,11,12,18,25,27","blue":"16","blue2":"","sales":"338462386","poolmoney":"415237924","content":"北京2注,山东2注,共4注。","addmoney":"","addmoney2":"","msg":"","z2add":"","m2add":"","prizegrades":[{"type":1,"typenum":"4","typemoney":"9593701"},{"type":2,"typenum":"98","typemoney":"234372"},{"type":3,"typenum":"1261","typemoney":"3000"},{"type":4,"typenum":"61624","typemoney":"200"},{"type":5,"typenum":"1175404","typemoney":"10"},{"type":6,"typenum":"9222140","typemoney":"5"},{"type":7,"typenum":"","typemoney":""}]},{"name":"双色球","code":"2018015","detailsLink":"/c/2018-02-04/430514.shtml","videoLink":"/c/2018-02-04/430513.shtml","date":"2018-02-04(日)","week":"日","red":"11,15,20,21,26,33","blue":"15","blue2":"","sales":"372995620","poolmoney":"384707208","content":"内蒙古1注,浙江1注,安徽1注,重庆1注,广西2注,共6注。","addmoney":"","addmoney2":"","msg":"","z2add":"","m2add":"","prizegrades":[{"type":1,"typenum":"6","typemoney":"7652271"},{"type":2,"typenum":"172","typemoney":"115651"},{"type":3,"typenum":"2163","typemoney":"3000"},{"type":4,"typenum":"93501","typemoney":"200"},{"type":5,"typenum":"1553583","typemoney":"10"},{"type":6,"typenum":"12494933","typemoney":"5"},{"type":7,"typenum":"","typemoney":""}]},{"name":"双色球","code":"2018014","detailsLink":"/c/2018-02-01/430501.shtml","videoLink":"/c/2018-02-01/430500.shtml","date":"2018-02-01(四)","week":"四","red":"09,12,20,24,28,31","blue":"07","blue2":"","sales":"341965074","poolmoney":"370944726","content":"江苏4注,山东1注,湖北1注,广东1注,深圳10注,共17注。","addmoney":"","addmoney2":"","msg":"","z2add":"","m2add":"","prizegrades":[{"type":1,"typenum":"17","typemoney":"5970693"},{"type":2,"typenum":"103","typemoney":"200264"},{"type":3,"typenum":"1365","typemoney":"3000"},{"type":4,"typenum":"71239","typemoney":"200"},{"type":5,"typenum":"1330607","typemoney":"10"},{"type":6,"typenum":"10681021","typemoney":"5"},{"type":7,"typenum":"","typemoney":""}]},{"name":"双色球","code":"2018013","detailsLink":"/c/2018-01-30/430391.shtml","videoLink":"/c/2018-01-30/430390.shtml","date":"2018-01-30(二)","week":"二","red":"06,08,13,15,22,33","blue":"06","blue2":"","sales":"338322260","poolmoney":"410564826","content":"江苏1注,江西2注,河南2注,广东3注,贵州1注,共9注。","addmoney":"","addmoney2":"","msg":"","z2add":"","m2add":"","prizegrades":[{"type":1,"typenum":"9","typemoney":"7002470"},{"type":2,"typenum":"99","typemoney":"227553"},{"type":3,"typenum":"1177","typemoney":"3000"},{"type":4,"typenum":"59570","typemoney":"200"},{"type":5,"typenum":"1127998","typemoney":"10"},{"type":6,"typenum":"9788351","typemoney":"5"},{"type":7,"typenum":"","typemoney":""}]},{"name":"双色球","code":"2018012","detailsLink":"/c/2018-01-28/430281.shtml","videoLink":"/c/2018-01-28/430280.shtml","date":"2018-01-28(日)","week":"日","red":"11,12,13,19,26,28","blue":"12","blue2":"","sales":"367108128","poolmoney":"406003688","content":"山西1注,上海1注,江苏2注,湖北1注,广西1注,西藏1注,深圳1注,共8注。","addmoney":"","addmoney2":"","msg":"","z2add":"","m2add":"","prizegrades":[{"type":1,"typenum":"8","typemoney":"7195022"},{"type":2,"typenum":"129","typemoney":"170156"},{"type":3,"typenum":"1934","typemoney":"3000"},{"type":4,"typenum":"88183","typemoney":"200"},{"type":5,"typenum":"1544615","typemoney":"10"},{"type":6,"typenum":"10639470","typemoney":"5"},{"type":7,"typenum":"","typemoney":""}]},{"name":"双色球","code":"2018011","detailsLink":"/c/2018-01-25/430068.shtml","videoLink":"/c/2018-01-25/430067.shtml","date":"2018-01-25(四)","week":"四","red":"03,10,21,23,27,33","blue":"11","blue2":"","sales":"336871794","poolmoney":"397713208","content":"山西1注,上海1注,安徽1注,河南2注,湖南1注,广西2注,共8注。","addmoney":"","addmoney2":"","msg":"","z2add":"","m2add":"","prizegrades":[{"type":1,"typenum":"8","typemoney":"7356371"},{"type":2,"typenum":"138","typemoney":"170751"},{"type":3,"typenum":"1226","typemoney":"3000"},{"type":4,"typenum":"70033","typemoney":"200"},{"type":5,"typenum":"1300934","typemoney":"10"},{"type":6,"typenum":"8023678","typemoney":"5"},{"type":7,"typenum":"","typemoney":""}]},{"name":"双色球","code":"2018010","detailsLink":"/c/2018-01-23/429958.shtml","videoLink":"/c/2018-01-23/429957.shtml","date":"2018-01-23(二)","week":"二","red":"01,08,17,20,21,22","blue":"03","blue2":"","sales":"351327690","poolmoney":"385873044","content":"北京1注,辽宁1注,重庆1注,广东1注,云南2注,共6注。","addmoney":"","addmoney2":"","msg":"","z2add":"","m2add":"","prizegrades":[{"type":1,"typenum":"6","typemoney":"8085375"},{"type":2,"typenum":"71","typemoney":"325919"},{"type":3,"typenum":"1077","typemoney":"3000"},{"type":4,"typenum":"66389","typemoney":"200"},{"type":5,"typenum":"1275468","typemoney":"10"},{"type":6,"typenum":"10065162","typemoney":"5"},{"type":7,"typenum":"","typemoney":""}]},{"name":"双色球","code":"2018009","detailsLink":"/c/2018-01-21/429845.shtml","videoLink":"/c/2018-01-21/429844.shtml","date":"2018-01-21(日)","week":"日","red":"05,10,17,23,26,32","blue":"07","blue2":"","sales":"384256808","poolmoney":"364964347","content":"北京5注,山西1注,江苏2注,河南2注,湖北2注,广东2注,四川2注,云南1注,共17注。","addmoney":"","addmoney2":"","msg":"","z2add":"","m2add":"","prizegrades":[{"type":1,"typenum":"17","typemoney":"5477449"},{"type":2,"typenum":"221","typemoney":"45908"},{"type":3,"typenum":"2633","typemoney":"3000"},{"type":4,"typenum":"113710","typemoney":"200"},{"type":5,"typenum":"1793617","typemoney":"10"},{"type":6,"typenum":"19825084","typemoney":"5"},{"type":7,"typenum":"","typemoney":""}]},{"name":"双色球","code":"2018008","detailsLink":"/c/2018-01-18/429832.shtml","videoLink":"/c/2018-01-18/429831.shtml","date":"2018-01-18(四)","week":"四","red":"05,09,10,12,17,19","blue":"13","blue2":"","sales":"359785672","poolmoney":"427643568","content":"北京6注,辽宁1注,吉林1注,湖北2注,广东1注,共11注。","addmoney":"","addmoney2":"","msg":"","z2add":"","m2add":"","prizegrades":[{"type":1,"typenum":"11","typemoney":"6571365"},{"type":2,"typenum":"144","typemoney":"150043"},{"type":3,"typenum":"1428","typemoney":"3000"},{"type":4,"typenum":"77385","typemoney":"200"},{"type":5,"typenum":"1497762","typemoney":"10"},{"type":6,"typenum":"11026247","typemoney":"5"},{"type":7,"typenum":"","typemoney":""}]},{"name":"双色球","code":"2018007","detailsLink":"/c/2018-01-16/429722.shtml","videoLink":"/c/2018-01-16/429721.shtml","date":"2018-01-16(二)","week":"二","red":"13,14,20,25,27,31","blue":"12","blue2":"","sales":"354279554","poolmoney":"435109760","content":"河北2注,浙江2注,山东1注,湖北1注,广东1注,广西1注,共8注。","addmoney":"","addmoney2":"","msg":"","z2add":"","m2add":"","prizegrades":[{"type":1,"typenum":"8","typemoney":"7274011"},{"type":2,"typenum":"132","typemoney":"172273"},{"type":3,"typenum":"1559","typemoney":"3000"},{"type":4,"typenum":"74171","typemoney":"200"},{"type":5,"typenum":"1325995","typemoney":"10"},{"type":6,"typenum":"9973072","typemoney":"5"},{"type":7,"typenum":"","typemoney":""}]},{"name":"双色球","code":"2018006","detailsLink":"/c/2018-01-14/429611.shtml","videoLink":"/c/2018-01-14/429610.shtml","date":"2018-01-14(日)","week":"日","red":"02,07,08,09,17,29","blue":"11","blue2":"","sales":"387617618","poolmoney":"425081503","content":"北京3注,辽宁1注,吉林1注,上海1注,山东4注,广东1注,共11注。","addmoney":"","addmoney2":"","msg":"","z2add":"","m2add":"","prizegrades":[{"type":1,"typenum":"11","typemoney":"6856113"},{"type":2,"typenum":"172","typemoney":"148381"},{"type":3,"typenum":"2073","typemoney":"3000"},{"type":4,"typenum":"96099","typemoney":"200"},{"type":5,"typenum":"1708775","typemoney":"10"},{"type":6,"typenum":"9063964","typemoney":"5"},{"type":7,"typenum":"","typemoney":""}]},{"name":"双色球","code":"2018005","detailsLink":"/c/2018-01-11/429598.shtml","videoLink":"/c/2018-01-11/429597.shtml","date":"2018-01-11(四)","week":"四","red":"02,20,21,28,31,33","blue":"06","blue2":"","sales":"354961030","poolmoney":"423934061","content":"北京1注,共1注。","addmoney":"","addmoney2":"","msg":"","z2add":"","m2add":"","prizegrades":[{"type":1,"typenum":"1","typemoney":"10000000"},{"type":2,"typenum":"68","typemoney":"371062"},{"type":3,"typenum":"782","typemoney":"3000"},{"type":4,"typenum":"49202","typemoney":"200"},{"type":5,"typenum":"1009539","typemoney":"10"},{"type":6,"typenum":"10144039","typemoney":"5"},{"type":7,"typenum":"","typemoney":""}]},{"name":"双色球","code":"2018004","detailsLink":"/c/2018-01-09/429488.shtml","videoLink":"/c/2018-01-09/429487.shtml","date":"2018-01-09(二)","week":"二","red":"14,18,19,26,30,31","blue":"11","blue2":"","sales":"349304820","poolmoney":"358237373","content":"吉林1注,浙江8注,湖北1注,广东1注,甘肃1注,深圳1注,共13注。","addmoney":"","addmoney2":"","msg":"","z2add":"","m2add":"","prizegrades":[{"type":1,"typenum":"13","typemoney":"6082556"},{"type":2,"typenum":"55","typemoney":"319846"},{"type":3,"typenum":"1316","typemoney":"3000"},{"type":4,"typenum":"66438","typemoney":"200"},{"type":5,"typenum":"1258260","typemoney":"10"},{"type":6,"typenum":"14195004","typemoney":"5"},{"type":7,"typenum":"","typemoney":""}]},{"name":"双色球","code":"2018003","detailsLink":"/c/2018-01-07/429177.shtml","videoLink":"/c/2018-01-07/429176.shtml","date":"2018-01-07(日)","week":"日","red":"01,14,16,17,20,31","blue":"04","blue2":"","sales":"388121442","poolmoney":"384536000","content":"河北1注,山西1注,安徽1注,山东1注,湖北1注,共5注。","addmoney":"","addmoney2":"","msg":"","z2add":"","m2add":"","prizegrades":[{"type":1,"typenum":"5","typemoney":"10000000"},{"type":2,"typenum":"167","typemoney":"191008"},{"type":3,"typenum":"814","typemoney":"3000"},{"type":4,"typenum":"46597","typemoney":"200"},{"type":5,"typenum":"995581","typemoney":"10"},{"type":6,"typenum":"8173779","typemoney":"5"},{"type":7,"typenum":"","typemoney":""}]},{"name":"双色球","code":"2018002","detailsLink":"/c/2018-01-04/428765.shtml","videoLink":"/c/2018-01-04/428764.shtml","date":"2018-01-04(四)","week":"四","red":"07,18,24,29,31,33","blue":"16","blue2":"","sales":"351610618","poolmoney":"338840952","content":"河北1注,黑龙江1注,四川1注,共3注。","addmoney":"","addmoney2":"","msg":"","z2add":"","m2add":"","prizegrades":[{"type":1,"typenum":"3","typemoney":"10000000"},{"type":2,"typenum":"94","typemoney":"319928"},{"type":3,"typenum":"789","typemoney":"3000"},{"type":4,"typenum":"49232","typemoney":"200"},{"type":5,"typenum":"1054173","typemoney":"10"},{"type":6,"typenum":"5848195","typemoney":"5"},{"type":7,"typenum":"","typemoney":""}]},{"name":"双色球","code":"2018001","detailsLink":"/c/2018-01-02/428659.shtml","videoLink":"/c/2018-01-02/428658.shtml","date":"2018-01-02(二)","week":"二","red":"01,08,11,26,28,31","blue":"04","blue2":"","sales":"367348082","poolmoney":"278621134","content":"黑龙江1注,江苏1注,浙江10注,福建1注,山东1注,湖北2注,湖南1注,广西1注,四川1注,甘肃1注,宁夏1注,深圳1注,共22注。","addmoney":"","addmoney2":"","msg":"","z2add":"","m2add":"","prizegrades":[{"type":1,"typenum":"22","typemoney":"5825255"},{"type":2,"typenum":"191","typemoney":"118819"},{"type":3,"typenum":"2029","typemoney":"3000"},{"type":4,"typenum":"86396","typemoney":"200"},{"type":5,"typenum":"1598202","typemoney":"10"},{"type":6,"typenum":"9974842","typemoney":"5"},{"type":7,"typenum":"","typemoney":""}]},{"name":"双色球","code":"2017154","detailsLink":"/c/2017-12-31/428348.shtml","videoLink":"/c/2017-12-31/428347.shtml","date":"2017-12-31(日)","week":"日","red":"05,09,13,15,18,26","blue":"05","blue2":"","sales":"414241024","poolmoney":"338693168","content":"河北1注,浙江1注,安徽1注,江西1注,山东1注,湖北1注,广东2注,广西1注,四川1注,甘肃1注,共11注。","addmoney":"","addmoney2":"","msg":"","z2add":"","m2add":"","prizegrades":[{"type":1,"typenum":"11","typemoney":"7280114"},{"type":2,"typenum":"141","typemoney":"222351"},{"type":3,"typenum":"1358","typemoney":"3000"},{"type":4,"typenum":"75207","typemoney":"200"},{"type":5,"typenum":"1412329","typemoney":"10"},{"type":6,"typenum":"8866626","typemoney":"5"},{"type":7,"typenum":"","typemoney":""}]},{"name":"双色球","code":"2017153","detailsLink":"/c/2017-12-28/428330.shtml","videoLink":"/c/2017-12-28/428327.shtml","date":"2017-12-28(四)","week":"四","red":"07,11,12,13,18,19","blue":"16","blue2":"","sales":"372349292","poolmoney":"324719716","content":"北京1注,山西1注,浙江1注,湖北1注,共4注。","addmoney":"","addmoney2":"","msg":"","z2add":"","m2add":"","prizegrades":[{"type":1,"typenum":"4","typemoney":"10000000"},{"type":2,"typenum":"165","typemoney":"190901"},{"type":3,"typenum":"989","typemoney":"3000"},{"type":4,"typenum":"61094","typemoney":"200"},{"type":5,"typenum":"1333557","typemoney":"10"},{"type":6,"typenum":"5586895","typemoney":"5"},{"type":7,"typenum":"","typemoney":""}]},{"name":"双色球","code":"2017152","detailsLink":"/c/2017-12-26/428329.shtml","videoLink":"/c/2017-12-26/428326.shtml","date":"2017-12-26(二)","week":"二","red":"06,10,23,25,26,29","blue":"05","blue2":"","sales":"367326916","poolmoney":"270223240","content":"吉林1注,浙江1注,福建1注,山东1注,重庆2注,四川1注,陕西1注,共8注。","addmoney":"","addmoney2":"","msg":"","z2add":"","m2add":"","prizegrades":[{"type":1,"typenum":"8","typemoney":"7027612"},{"type":2,"typenum":"129","typemoney":"157179"},{"type":3,"typenum":"1848","typemoney":"3000"},{"type":4,"typenum":"85998","typemoney":"200"},{"type":5,"typenum":"1538040","typemoney":"10"},{"type":6,"typenum":"12152337","typemoney":"5"},{"type":7,"typenum":"","typemoney":""}]},{"name":"双色球","code":"2017151","detailsLink":"/c/2017-12-24/428328.shtml","videoLink":"/c/2017-12-24/428325.shtml","date":"2017-12-24(日)","week":"日","red":"02,05,07,09,11,27","blue":"16","blue2":"","sales":"410102286","poolmoney":"265615770","content":"辽宁1注,江苏3注,安徽1注,福建1注,共6注。","addmoney":"","addmoney2":"","msg":"","z2add":"","m2add":"","prizegrades":[{"type":1,"typenum":"6","typemoney":"8891264"},{"type":2,"typenum":"171","typemoney":"170669"},{"type":3,"typenum":"1414","typemoney":"3000"},{"type":4,"typenum":"78120","typemoney":"200"},{"type":5,"typenum":"1525695","typemoney":"10"},{"type":6,"typenum":"9817849","typemoney":"5"},{"type":7,"typenum":"","typemoney":""}]},{"name":"双色球","code":"2017150","detailsLink":"/c/2017-12-21/428324.shtml","videoLink":"/c/2017-12-21/428323.shtml","date":"2017-12-21(四)","week":"四","red":"06,14,19,20,21,23","blue":"08","blue2":"","sales":"382821120","poolmoney":"231409917","content":"安徽1注,重庆1注,湖北1注,广东1注,四川1注,云南2注,新疆1注,深圳1注,共9注。","addmoney":"","addmoney2":"","msg":"","z2add":"","m2add":"","prizegrades":[{"type":1,"typenum":"9","typemoney":"6900101"},{"type":2,"typenum":"82","typemoney":"260684"},{"type":3,"typenum":"1721","typemoney":"3000"},{"type":4,"typenum":"79117","typemoney":"200"},{"type":5,"typenum":"1478684","typemoney":"10"},{"type":6,"typenum":"13260907","typemoney":"5"},{"type":7,"typenum":"","typemoney":""}]},{"name":"双色球","code":"2017149","detailsLink":"/c/2017-12-19/428316.shtml","videoLink":"/c/2017-12-19/428315.shtml","date":"2017-12-19(二)","week":"二","red":"05,08,15,20,27,30","blue":"13","blue2":"","sales":"389703152","poolmoney":"229382406","content":"河北3注,内蒙古2注,辽宁4注,吉林1注,黑龙江3注,上海7注,江苏6注,浙江3注,安徽2注,福建2注,江西1注,山东6注,重庆3注,河南4注,湖北1注,湖南3注,广东2注,广西3注,四川4注,贵州1注,陕西1注,甘肃1注,新疆1注,深圳3注,共67注。其中复式投注为：河北2注,内蒙古1注,辽宁4注,吉林1注,黑龙江3注,上海5注,江苏2注,浙江2注,安徽2注,福建2注,江西1注,山东4注,重庆3注,河南3注,湖北1注,湖南2注,广东1注,广西1注,四川3注,贵州1注,甘肃1注,新疆1注,深圳1注。","addmoney":"","addmoney2":"","zj1":"47","mj1":"5456762(含派奖425531)","msg":"下期一等奖派奖金额：0元。\n","z2add":"","m2add":"","prizegrades":[{"type":1,"typenum":"67","typemoney":"5031231"},{"type":2,"typenum":"1126","typemoney":"6000"},{"type":3,"typenum":"8715","typemoney":"3000"},{"type":4,"typenum":"293452","typemoney":"200"},{"type":5,"typenum":"3505333","typemoney":"10"},{"type":6,"typenum":"12120676","typemoney":"5"},{"type":7,"typenum":"","typemoney":""}]},{"name":"双色球","code":"2017148","detailsLink":"/c/2017-12-17/427887.shtml","videoLink":"/c/2017-12-17/427896.shtml","date":"2017-12-17(日)","week":"日","red":"04,07,11,14,29,32","blue":"12","blue2":"","sales":"419003890","poolmoney":"558628074","content":"北京1注,河北1注,内蒙古2注,辽宁1注,江苏2注,浙江4注,山东2注,四川2注,贵州1注,云南2注,共18注。其中复式投注为：北京1注,河北1注,浙江2注,山东2注,四川2注,云南2注。","addmoney":"","addmoney2":"","zj1":"10","mj1":"9772562(含派奖3500000)","msg":"下期一等奖派奖金额：20000000元。\n","z2add":"","m2add":"","prizegrades":[{"type":1,"typenum":"18","typemoney":"6272562"},{"type":2,"typenum":"274","typemoney":"104498"},{"type":3,"typenum":"2210","typemoney":"3000"},{"type":4,"typenum":"102446","typemoney":"200"},{"type":5,"typenum":"1843078","typemoney":"10"},{"type":6,"typenum":"9046257","typemoney":"5"},{"type":7,"typenum":"","typemoney":""}]},{"name":"双色球","code":"2017147","detailsLink":"/c/2017-12-14/427886.shtml","videoLink":"/c/2017-12-14/427895.shtml","date":"2017-12-14(四)","week":"四","red":"03,07,20,21,25,31","blue":"14","blue2":"","sales":"397012632","poolmoney":"585636222","content":"山西1注,上海1注,安徽1注,共3注。其中复式投注为：山西1注。","addmoney":"","addmoney2":"","zj1":"1","mj1":"15000000(含派奖5000000)","msg":"下期一等奖派奖金额：35000000元。\n","z2add":"","m2add":"","prizegrades":[{"type":1,"typenum":"3","typemoney":"10000000"},{"type":2,"typenum":"131","typemoney":"255096"},{"type":3,"typenum":"1080","typemoney":"3000"},{"type":4,"typenum":"61204","typemoney":"200"},{"type":5,"typenum":"1261151","typemoney":"10"},{"type":6,"typenum":"6554657","typemoney":"5"},{"type":7,"typenum":"","typemoney":""}]},{"name":"双色球","code":"2017146","detailsLink":"/c/2017-12-12/427885.shtml","videoLink":"/c/2017-12-12/427894.shtml","date":"2017-12-12(二)","week":"二","red":"01,19,25,26,27,33","blue":"10","blue2":"","sales":"409358700","poolmoney":"515383281","content":"北京1注,河北5注,吉林1注,江苏1注,山东1注,重庆1注,湖北1注,湖南6注,广东1注,四川2注,贵州1注,共21注。其中复式投注为：吉林1注,山东1注,重庆1注,湖北1注,湖南6注,广东1注,四川1注,贵州1注。","addmoney":"","addmoney2":"","zj1":"13","mj1":"7340670(含派奖1538461)","zj6":"7768313","mj6":"10(含派奖5)","msg":"下期一等奖派奖金额：20000000元。\n六等奖派奖奖金余额：0元。","z2add":"","m2add":"","prizegrades":[{"type":1,"typenum":"21","typemoney":"5802209"},{"type":2,"typenum":"252","typemoney":"83563"},{"type":3,"typenum":"2353","typemoney":"3000"},{"type":4,"typenum":"108606","typemoney":"200"},{"type":5,"typenum":"1794897","typemoney":"10"},{"type":6,"typenum":"13924922","typemoney":"5"},{"type":7,"typenum":"","typemoney":""}]},{"name":"双色球","code":"2017145","detailsLink":"/c/2017-12-10/427884.shtml","videoLink":"/c/2017-12-10/427893.shtml","date":"2017-12-10(日)","week":"日","red":"02,06,12,17,25,28","blue":"12","blue2":"","sales":"434698744","poolmoney":"574055706","content":"河北1注,山西1注,内蒙古1注,辽宁1注,吉林1注,黑龙江1注,上海1注,江苏1注,浙江6注,安徽1注,山东2注,重庆2注,湖北1注,湖南3注,四川2注,云南2注,陕西2注,甘肃1注,深圳1注,共31注。其中复式投注为：河北1注,内蒙古1注,辽宁1注,吉林1注,黑龙江1注,江苏1注,浙江3注,安徽1注,重庆2注,湖北1注,湖南2注,四川2注,云南1注,陕西1注,甘肃1注,深圳1注。","addmoney":"","addmoney2":"","zj1":"21","mj1":"7999198(含派奖2619047)","zj6":"8271623","mj6":"10(含派奖5)","msg":"下期一等奖派奖金额：20000000元。\n六等奖派奖奖金余额：15069710元。","z2add":"","m2add":"","prizegrades":[{"type":1,"typenum":"31","typemoney":"5380151"},{"type":2,"typenum":"458","typemoney":"32163"},{"type":3,"typenum":"5310","typemoney":"3000"},{"type":4,"typenum":"186898","typemoney":"200"},{"type":5,"typenum":"2600830","typemoney":"10"},{"type":6,"typenum":"14952213","typemoney":"5"},{"type":7,"typenum":"","typemoney":""}]},{"name":"双色球","code":"2017144","detailsLink":"/c/2017-12-07/426758.shtml","videoLink":"/c/2017-12-07/426792.shtml","date":"2017-12-07(四)","week":"四","red":"03,14,16,20,31,32","blue":"09","blue2":"","sales":"394649686","poolmoney":"696647832","content":"北京1注,天津2注,浙江1注,江西1注,四川1注,云南2注,共8注。其中复式投注为：北京1注,天津2注,四川1注。","addmoney":"","addmoney2":"","zj1":"4","mj1":"11316343(含派奖5000000)","zj6":"11681691","mj6":"10(含派奖5)","msg":"下期一等奖派奖金额：54999992元。\n六等奖派奖奖金余额：56427825元。","z2add":"","m2add":"","prizegrades":[{"type":1,"typenum":"8","typemoney":"6316343"},{"type":2,"typenum":"54","typemoney":"243767"},{"type":3,"typenum":"1869","typemoney":"3000"},{"type":4,"typenum":"87158","typemoney":"200"},{"type":5,"typenum":"1583161","typemoney":"10"},{"type":6,"typenum":"20370880","typemoney":"5"},{"type":7,"typenum":"","typemoney":""}]},{"name":"双色球","code":"2017143","detailsLink":"/c/2017-12-05/426757.shtml","videoLink":"/c/2017-12-05/426791.shtml","date":"2017-12-05(二)","week":"二","red":"04,06,09,14,20,29","blue":"14","blue2":"","sales":"383967718","poolmoney":"707688280","content":"河北1注,辽宁1注,上海6注,山东1注,广东1注,青海1注,新疆2注,共13注。其中复式投注为：上海5注,广东1注,青海1注,新疆2注。","addmoney":"","addmoney2":"","zj1":"9","mj1":"11687672(含派奖5000000)","zj6":"4485074","mj6":"10(含派奖5)","msg":"下期一等奖派奖金额：54999992元。\n六等奖派奖奖金余额：114836280元。","z2add":"","m2add":"","prizegrades":[{"type":1,"typenum":"13","typemoney":"6687672"},{"type":2,"typenum":"164","typemoney":"167223"},{"type":3,"typenum":"1606","typemoney":"3000"},{"type":4,"typenum":"78943","typemoney":"200"},{"type":5,"typenum":"1488152","typemoney":"10"},{"type":6,"typenum":"8591476","typemoney":"5"},{"type":7,"typenum":"","typemoney":""}]},{"name":"双色球","code":"2017142","detailsLink":"/c/2017-12-03/426756.shtml","videoLink":"/c/2017-12-03/426790.shtml","date":"2017-12-03(日)","week":"日","red":"08,13,14,18,23,33","blue":"06","blue2":"","sales":"417715258","poolmoney":"712354014","content":"山西1注,福建1注,江西1注,重庆1注,河南1注,新疆1注,共6注。其中复式投注为：江西1注,重庆1注,新疆1注。","addmoney":"","addmoney2":"","zj1":"3","mj1":"12643652(含派奖5000000)","zj6":"8132289","mj6":"10(含派奖5)","msg":"下期一等奖派奖金额：79999994元。\n六等奖派奖奖金余额：137261650元。","z2add":"","m2add":"","prizegrades":[{"type":1,"typenum":"6","typemoney":"7643652"},{"type":2,"typenum":"149","typemoney":"133069"},{"type":3,"typenum":"2355","typemoney":"3000"},{"type":4,"typenum":"103919","typemoney":"200"},{"type":5,"typenum":"1763662","typemoney":"10"},{"type":6,"typenum":"15977097","typemoney":"5"},{"type":7,"typenum":"","typemoney":""}]},{"name":"双色球","code":"2017141","detailsLink":"/c/2017-11-30/426755.shtml","videoLink":"/c/2017-11-30/426789.shtml","date":"2017-11-30(四)","week":"四","red":"01,06,07,11,13,15","blue":"05","blue2":"","sales":"374075240","poolmoney":"698733752","content":"江苏1注,山东1注,广东1注,陕西1注,共4注。其中复式投注为：江苏1注。","addmoney":"","addmoney2":"","zj1":"1","mj1":"12854635(含派奖5000000)","zj6":"10258788","mj6":"10(含派奖5)","msg":"下期一等奖派奖金额：74999996元。\n六等奖派奖奖金余额：177923095元。","z2add":"","m2add":"","prizegrades":[{"type":1,"typenum":"4","typemoney":"7854635"},{"type":2,"typenum":"78","typemoney":"182989"},{"type":3,"typenum":"1650","typemoney":"3000"},{"type":4,"typenum":"86982","typemoney":"200"},{"type":5,"typenum":"1553018","typemoney":"10"},{"type":6,"typenum":"17665517","typemoney":"5"},{"type":7,"typenum":"","typemoney":""}]},{"name":"双色球","code":"2017140","detailsLink":"/c/2017-11-28/426754.shtml","videoLink":"/c/2017-11-28/426788.shtml","date":"2017-11-28(二)","week":"二","red":"21,22,25,28,29,30","blue":"08","blue2":"","sales":"376479116","poolmoney":"687332768","content":"北京10注,内蒙古1注,江苏1注,浙江1注,安徽1注,山东1注,云南1注,共16注。其中复式投注为：江苏1注,浙江1注,山东1注,云南1注。","addmoney":"","addmoney2":"","zj1":"4","mj1":"11035870(含派奖5000000)","zj6":"6751761","mj6":"10(含派奖5)","msg":"下期一等奖派奖金额：59999996元。\n六等奖派奖奖金余额：229217035元。","z2add":"","m2add":"","prizegrades":[{"type":1,"typenum":"16","typemoney":"6035870"},{"type":2,"typenum":"83","typemoney":"249607"},{"type":3,"typenum":"1431","typemoney":"3000"},{"type":4,"typenum":"71547","typemoney":"200"},{"type":5,"typenum":"1451958","typemoney":"10"},{"type":6,"typenum":"13696628","typemoney":"5"},{"type":7,"typenum":"","typemoney":""}]},{"name":"双色球","code":"2017139","detailsLink":"/c/2017-11-26/426753.shtml","videoLink":"/c/2017-11-26/426787.shtml","date":"2017-11-26(日)","week":"日","red":"02,14,20,24,28,32","blue":"16","blue2":"","sales":"409744564","poolmoney":"721754472","content":"山西1注,河南2注,广东1注,四川1注,陕西1注,共6注。其中复式投注为：陕西1注。","addmoney":"","addmoney2":"","zj1":"1","mj1":"14828398(含派奖5000000)","zj6":"2759548","mj6":"10(含派奖5)","msg":"下期一等奖派奖金额：59999996元。\n六等奖派奖奖金余额：262975840元。","z2add":"","m2add":"","prizegrades":[{"type":1,"typenum":"6","typemoney":"9828398"},{"type":2,"typenum":"92","typemoney":"393619"},{"type":3,"typenum":"813","typemoney":"3000"},{"type":4,"typenum":"46477","typemoney":"200"},{"type":5,"typenum":"992607","typemoney":"10"},{"type":6,"typenum":"6852481","typemoney":"5"},{"type":7,"typenum":"","typemoney":""}]},{"name":"双色球","code":"2017138","detailsLink":"/c/2017-11-23/426752.shtml","videoLink":"/c/2017-11-23/426786.shtml","date":"2017-11-23(四)","week":"四","red":"01,17,24,28,32,33","blue":"02","blue2":"","sales":"377937674","poolmoney":"672085896","content":"江苏1注,浙江1注,重庆1注,广东1注,四川2注,共6注。其中复式投注为：重庆1注,广东1注,四川2注。","addmoney":"","addmoney2":"","zj1":"4","mj1":"14039634(含派奖5000000)","zj6":"4214774","mj6":"10(含派奖5)","msg":"下期一等奖派奖金额：44999996元。\n六等奖派奖奖金余额：276773580元。","z2add":"","m2add":"","prizegrades":[{"type":1,"typenum":"6","typemoney":"9039634"},{"type":2,"typenum":"79","typemoney":"383509"},{"type":3,"typenum":"915","typemoney":"3000"},{"type":4,"typenum":"46678","typemoney":"200"},{"type":5,"typenum":"991147","typemoney":"10"},{"type":6,"typenum":"8401669","typemoney":"5"},{"type":7,"typenum":"","typemoney":""}]},{"name":"双色球","code":"2017137","detailsLink":"/c/2017-11-21/426751.shtml","videoLink":"/c/2017-11-21/426785.shtml","date":"2017-11-21(二)","week":"二","red":"05,10,20,23,26,31","blue":"03","blue2":"","sales":"376184186","poolmoney":"635431923","content":"天津1注,内蒙古1注,安徽2注,广西1注,四川1注,云南1注,共7注。其中复式投注为：安徽1注,广西1注,云南1注。","addmoney":"","addmoney2":"","zj1":"3","mj1":"12917073(含派奖5000000)","zj6":"4980044","mj6":"10(含派奖5)","msg":"下期一等奖派奖金额：44999996元。\n六等奖派奖奖金余额：297847450元。","z2add":"","m2add":"","prizegrades":[{"type":1,"typenum":"7","typemoney":"7917073"},{"type":2,"typenum":"146","typemoney":"174824"},{"type":3,"typenum":"1569","typemoney":"3000"},{"type":4,"typenum":"75681","typemoney":"200"},{"type":5,"typenum":"1356509","typemoney":"10"},{"type":6,"typenum":"9764880","typemoney":"5"},{"type":7,"typenum":"","typemoney":""}]},{"name":"双色球","code":"2017136","detailsLink":"/c/2017-11-19/419628.shtml","videoLink":"/c/2017-11-19/419644.shtml","date":"2017-11-19(日)","week":"日","red":"03,07,10,18,21,24","blue":"12","blue2":"","sales":"401556928","poolmoney":"614278265","content":"河北2注,江苏3注,浙江2注,安徽4注,广西1注,四川1注,陕西1注,深圳5注,共19注。其中复式投注为：浙江1注,广西1注,四川1注。","addmoney":"","addmoney2":"","zj1":"3","mj1":"10952821(含派奖5000000)","zj6":"6395144","mj6":"10(含派奖5)","msg":"下期一等奖派奖金额：39999998元。\n六等奖派奖奖金余额：322747670元。","z2add":"","m2add":"","prizegrades":[{"type":1,"typenum":"19","typemoney":"5952821"},{"type":2,"typenum":"216","typemoney":"104766"},{"type":3,"typenum":"2130","typemoney":"3000"},{"type":4,"typenum":"101551","typemoney":"200"},{"type":5,"typenum":"1711907","typemoney":"10"},{"type":6,"typenum":"12485113","typemoney":"5"},{"type":7,"typenum":"","typemoney":""}]},{"name":"双色球","code":"2017135","detailsLink":"/c/2017-11-16/419627.shtml","videoLink":"/c/2017-11-16/419643.shtml","date":"2017-11-16(四)","week":"四","red":"01,06,07,14,18,26","blue":"16","blue2":"","sales":"378825098","poolmoney":"659493336","content":"山西1注,山东3注,广东1注,广西1注,贵州1注,云南1注,共8注。其中复式投注为：山西1注,山东3注,广西1注,云南1注。","addmoney":"","addmoney2":"","zj1":"6","mj1":"12923669(含派奖5000000)","zj6":"4081312","mj6":"10(含派奖5)","msg":"下期一等奖派奖金额：35000000元。\n六等奖派奖奖金余额：354723390元。","z2add":"","m2add":"","prizegrades":[{"type":1,"typenum":"8","typemoney":"7923669"},{"type":2,"typenum":"147","typemoney":"198889"},{"type":3,"typenum":"1058","typemoney":"3000"},{"type":4,"typenum":"59885","typemoney":"200"},{"type":5,"typenum":"1210785","typemoney":"10"},{"type":6,"typenum":"8283735","typemoney":"5"},{"type":7,"typenum":"","typemoney":""}]},{"name":"双色球","code":"2017134","detailsLink":"/c/2017-11-17/419410.shtml","videoLink":"/c/2017-11-14/419426.shtml","date":"2017-11-14(二)","week":"二","red":"04,05,11,14,28,32","blue":"04","blue2":"","sales":"365781644","poolmoney":"635172616","content":"北京1注,山西1注,内蒙古1注,吉林2注,江苏1注,浙江1注,山东1注,重庆1注,四川3注,陕西1注,共13注。其中复式投注为：内蒙古1注,吉林1注,山东1注,重庆1注。","addmoney":"","addmoney2":"","zj1":"4","mj1":"11040990(含派奖5000000)","zj6":"8259233","mj6":"10(含派奖5)","msg":"下期一等奖派奖金额：45000000元。\n六等奖派奖奖金余额：375129950元。","z2add":"","m2add":"","prizegrades":[{"type":1,"typenum":"13","typemoney":"6040990"},{"type":2,"typenum":"99","typemoney":"170869"},{"type":3,"typenum":"1824","typemoney":"3000"},{"type":4,"typenum":"87046","typemoney":"200"},{"type":5,"typenum":"1531322","typemoney":"10"},{"type":6,"typenum":"14674835","typemoney":"5"},{"type":7,"typenum":"","typemoney":""}]},{"name":"双色球","code":"2017133","detailsLink":"/c/2017-11-17/419409.shtml","videoLink":"/c/2017-11-12/419425.shtml","date":"2017-11-12(日)","week":"日","red":"06,15,17,18,23,30","blue":"11","blue2":"","sales":"400247724","poolmoney":"662957197","content":"河北2注,辽宁1注,上海1注,湖北1注,广东1注,新疆1注,共7注。其中复式投注为：河北1注,上海1注。","addmoney":"","addmoney2":"","zj1":"2","mj1":"13327342(含派奖5000000)","zj6":"3718908","mj6":"10(含派奖5)","msg":"下期一等奖派奖金额：45000000元。\n六等奖派奖奖金余额：416426115元。","z2add":"","m2add":"","prizegrades":[{"type":1,"typenum":"7","typemoney":"8327342"},{"type":2,"typenum":"223","typemoney":"130557"},{"type":3,"typenum":"1372","typemoney":"3000"},{"type":4,"typenum":"78811","typemoney":"200"},{"type":5,"typenum":"1582688","typemoney":"10"},{"type":6,"typenum":"8791861","typemoney":"5"},{"type":7,"typenum":"","typemoney":""}]},{"name":"双色球","code":"2017132","detailsLink":"/c/2017-11-17/419408.shtml","videoLink":"/c/2017-11-09/419424.shtml","date":"2017-11-09(四)","week":"四","red":"02,03,05,09,13,28","blue":"11","blue2":"","sales":"377852842","poolmoney":"633905850","content":"北京1注,浙江2注,广东1注,广西1注,云南1注,共6注。其中复式投注为：浙江1注。","addmoney":"","addmoney2":"","zj1":"1","mj1":"13820665(含派奖5000000)","zj6":"3046800","mj6":"10(含派奖5)","msg":"下期一等奖派奖金额：35000000元。\n六等奖派奖奖金余额：435020655元。","z2add":"","m2add":"","prizegrades":[{"type":1,"typenum":"6","typemoney":"8820665"},{"type":2,"typenum":"139","typemoney":"206151"},{"type":3,"typenum":"1253","typemoney":"3000"},{"type":4,"typenum":"73344","typemoney":"200"},{"type":5,"typenum":"1500060","typemoney":"10"},{"type":6,"typenum":"7419907","typemoney":"5"},{"type":7,"typenum":"","typemoney":""}]},{"name":"双色球","code":"2017131","detailsLink":"/c/2017-11-15/419004.shtml","videoLink":"/c/2017-11-07/419423.shtml","date":"2017-11-07(二)","week":"二","red":"01,07,10,11,26,27","blue":"11","blue2":"","sales":"367788616","poolmoney":"600864875","content":"河北2注,辽宁2注,吉林1注,上海1注,浙江1注,安徽6注,福建5注,山东1注,重庆1注,河南4注,湖南1注,共25注。其中复式投注为：河北2注,辽宁1注,吉林1注,浙江1注,安徽1注,河南1注。","addmoney":"","addmoney2":"","zj1":"7","mj1":"9799092(含派奖4285714)","zj6":"7307593","mj6":"10(含派奖5)","msg":"下期一等奖派奖金额：20000000元。\n六等奖派奖奖金余额：450254655元。","z2add":"","m2add":"","prizegrades":[{"type":1,"typenum":"25","typemoney":"5513378"},{"type":2,"typenum":"131","typemoney":"122466"},{"type":3,"typenum":"2893","typemoney":"3000"},{"type":4,"typenum":"107801","typemoney":"200"},{"type":5,"typenum":"1675295","typemoney":"10"},{"type":6,"typenum":"13810389","typemoney":"5"},{"type":7,"typenum":"","typemoney":""}]},{"name":"双色球","code":"2017130","detailsLink":"/c/2017-11-05/419001.shtml","videoLink":"/c/2017-11-05/419422.shtml","date":"2017-11-05(日)","week":"日","red":"05,13,14,23,25,31","blue":"02","blue2":"","sales":"401382016","poolmoney":"690570120","content":"浙江1注,安徽1注,四川3注,共5注。其中复式投注为：浙江1注,四川1注。","addmoney":"","addmoney2":"","zj1":"2","mj1":"15000000(含派奖5000000)","zj6":"2641476","mj6":"10(含派奖5)","msg":"下期一等奖派奖金额：30000000元。\n六等奖派奖奖金余额：486792620元。","z2add":"","m2add":"","prizegrades":[{"type":1,"typenum":"5","typemoney":"10000000"},{"type":2,"typenum":"211","typemoney":"161007"},{"type":3,"typenum":"937","typemoney":"3000"},{"type":4,"typenum":"58635","typemoney":"200"},{"type":5,"typenum":"1171966","typemoney":"10"},{"type":6,"typenum":"6905902","typemoney":"5"},{"type":7,"typenum":"","typemoney":""}]},{"name":"双色球","code":"2017129","detailsLink":"/c/2017-11-02/414695.shtml","videoLink":"/c/2017-11-02/414696.shtml","date":"2017-11-02(四)","week":"四","red":"05,06,09,14,21,33","blue":"02","blue2":"","sales":"334351058","poolmoney":"638652615","content":"山西1注,辽宁1注,广西1注,共3注。","addmoney":"","addmoney2":"","msg":"下期一等奖派奖金额：20000000元。\n六等奖派奖奖金余额：500000000元。","z2add":"","m2add":"","prizegrades":[{"type":1,"typenum":"3","typemoney":"10000000"},{"type":2,"typenum":"116","typemoney":"229558"},{"type":3,"typenum":"783","typemoney":"3000"},{"type":4,"typenum":"47080","typemoney":"200"},{"type":5,"typenum":"999596","typemoney":"10"},{"type":6,"typenum":"7111144","typemoney":"5"},{"type":7,"typenum":"","typemoney":""}]},{"name":"双色球","code":"2017128","detailsLink":"/c/2017-10-31/414613.shtml","videoLink":"/c/2017-10-31/414614.shtml","date":"2017-10-31(二)","week":"二","red":"02,06,13,22,29,31","blue":"08","blue2":"","sales":"323872230","poolmoney":"588766113","content":"天津2注,辽宁1注,山东4注,重庆1注,湖北1注,湖南1注,广东1注,云南1注,甘肃1注,共13注。","addmoney":"","addmoney2":"","msg":"","z2add":"","m2add":"","prizegrades":[{"type":1,"typenum":"13","typemoney":"5186374"},{"type":2,"typenum":"111","typemoney":"27284"},{"type":3,"typenum":"2990","typemoney":"3000"},{"type":4,"typenum":"113700","typemoney":"200"},{"type":5,"typenum":"1682133","typemoney":"10"},{"type":6,"typenum":"19610341","typemoney":"5"},{"type":7,"typenum":"","typemoney":""}]},{"name":"双色球","code":"2017127","detailsLink":"/c/2017-10-29/414564.shtml","videoLink":"/c/2017-10-29/414565.shtml","date":"2017-10-29(日)","week":"日","red":"14,15,21,24,27,32","blue":"12","blue2":"","sales":"351381232","poolmoney":"647103220","content":"上海1注,江苏1注,广东1注,甘肃1注,共4注。","addmoney":"","addmoney2":"","msg":"","z2add":"","m2add":"","prizegrades":[{"type":1,"typenum":"4","typemoney":"9376343"},{"type":2,"typenum":"63","typemoney":"347328"},{"type":3,"typenum":"1292","typemoney":"3000"},{"type":4,"typenum":"63568","typemoney":"200"},{"type":5,"typenum":"1165868","typemoney":"10"},{"type":6,"typenum":"11280329","typemoney":"5"},{"type":7,"typenum":"","typemoney":""}]},{"name":"双色球","code":"2017126","detailsLink":"/c/2017-10-26/414531.shtml","videoLink":"/c/2017-10-26/414532.shtml","date":"2017-10-26(四)","week":"四","red":"01,16,17,21,27,30","blue":"16","blue2":"","sales":"328800104","poolmoney":"618963440","content":"浙江1注,福建6注,云南1注,共8注。","addmoney":"","addmoney2":"","msg":"","z2add":"","m2add":"","prizegrades":[{"type":1,"typenum":"8","typemoney":"7757297"},{"type":2,"typenum":"63","typemoney":"437666"},{"type":3,"typenum":"797","typemoney":"3000"},{"type":4,"typenum":"44573","typemoney":"200"},{"type":5,"typenum":"968685","typemoney":"10"},{"type":6,"typenum":"5965537","typemoney":"5"},{"type":7,"typenum":"","typemoney":""}]},{"name":"双色球","code":"2017125","detailsLink":"/c/2017-10-24/414468.shtml","videoLink":"/c/2017-10-24/414469.shtml","date":"2017-10-24(二)","week":"二","red":"01,14,23,25,29,30","blue":"03","blue2":"","sales":"324821104","poolmoney":"598302894","content":"上海1注,安徽1注,山东2注,广东1注,新疆1注,共6注。","addmoney":"","addmoney2":"","msg":"","z2add":"","m2add":"","prizegrades":[{"type":1,"typenum":"6","typemoney":"7793201"},{"type":2,"typenum":"133","typemoney":"157511"},{"type":3,"typenum":"1550","typemoney":"3000"},{"type":4,"typenum":"78944","typemoney":"200"},{"type":5,"typenum":"1430191","typemoney":"10"},{"type":6,"typenum":"8125119","typemoney":"5"},{"type":7,"typenum":"","typemoney":""}]},{"name":"双色球","code":"2017124","detailsLink":"/c/2017-10-22/414419.shtml","videoLink":"/c/2017-10-22/414420.shtml","date":"2017-10-22(日)","week":"日","red":"02,06,11,26,28,29","blue":"03","blue2":"","sales":"352610564","poolmoney":"582215080","content":"河北1注,上海1注,安徽1注,福建1注,河南1注,湖南1注,广西1注,青海1注,共8注。","addmoney":"","addmoney2":"","msg":"","z2add":"","m2add":"","prizegrades":[{"type":1,"typenum":"8","typemoney":"6981077"},{"type":2,"typenum":"126","typemoney":"157228"},{"type":3,"typenum":"1980","typemoney":"3000"},{"type":4,"typenum":"81855","typemoney":"200"},{"type":5,"typenum":"1456753","typemoney":"10"},{"type":6,"typenum":"11331508","typemoney":"5"},{"type":7,"typenum":"","typemoney":""}]},{"name":"双色球","code":"2017123","detailsLink":"/c/2017-10-19/414365.shtml","videoLink":"/c/2017-10-19/414366.shtml","date":"2017-10-19(四)","week":"四","red":"04,05,06,11,21,31","blue":"10","blue2":"","sales":"327467830","poolmoney":"578631376","content":"山西1注,内蒙古1注,上海1注,江苏2注,福建2注,重庆1注,河南2注,湖北1注,湖南2注,四川1注,贵州2注,共16注。","addmoney":"","addmoney2":"","msg":"","z2add":"","m2add":"","prizegrades":[{"type":1,"typenum":"16","typemoney":"5768364"},{"type":2,"typenum":"237","typemoney":"64840"},{"type":3,"typenum":"1554","typemoney":"3000"},{"type":4,"typenum":"77032","typemoney":"200"},{"type":5,"typenum":"1341534","typemoney":"10"},{"type":6,"typenum":"13101261","typemoney":"5"},{"type":7,"typenum":"","typemoney":""}]},{"name":"双色球","code":"2017122","detailsLink":"/c/2017-10-17/414323.shtml","videoLink":"/c/2017-10-17/414324.shtml","date":"2017-10-17(二)","week":"二","red":"11,20,21,22,24,27","blue":"15","blue2":"","sales":"323216212","poolmoney":"624823324","content":"江苏2注,河南2注,共4注。","addmoney":"","addmoney2":"","msg":"","z2add":"","m2add":"","prizegrades":[{"type":1,"typenum":"4","typemoney":"9322578"},{"type":2,"typenum":"52","typemoney":"415632"},{"type":3,"typenum":"1044","typemoney":"3000"},{"type":4,"typenum":"54934","typemoney":"200"},{"type":5,"typenum":"1042097","typemoney":"10"},{"type":6,"typenum":"9476920","typemoney":"5"},{"type":7,"typenum":"","typemoney":""}]},{"name":"双色球","code":"2017121","detailsLink":"/c/2017-10-15/414263.shtml","videoLink":"/c/2017-10-15/414264.shtml","date":"2017-10-15(日)","week":"日","red":"11,18,19,22,24,32","blue":"07","blue2":"","sales":"344520506","poolmoney":"597274960","content":"浙江2注,福建1注,湖北1注,云南1注,共5注。","addmoney":"","addmoney2":"","msg":"","z2add":"","m2add":"","prizegrades":[{"type":1,"typenum":"5","typemoney":"7294152"},{"type":2,"typenum":"136","typemoney":"105429"},{"type":3,"typenum":"2039","typemoney":"3000"},{"type":4,"typenum":"89969","typemoney":"200"},{"type":5,"typenum":"1540417","typemoney":"10"},{"type":6,"typenum":"14389253","typemoney":"5"},{"type":7,"typenum":"","typemoney":""}]}]}